<collection xmlns="http://www.loc.gov/MARC21/slim"><record><leader>00632nam  2200205   450</leader><controlfield tag="001">56</controlfield><controlfield tag="003">http://montalegre.opacnet.com/OPAC/default.aspx?ContentAreaControl=ShowRegHoldings.ascx&amp;RegNo=16662</controlfield><datafield tag="095" ind1=" " ind2=" "><subfield code="a">PTBN00434872</subfield></datafield><datafield tag="100" ind1=" " ind2=" "><subfield code="a">20061013d1964    km y0pory010305  ba</subfield></datafield><datafield tag="101" ind1="1" ind2=" "><subfield code="a">por</subfield><subfield code="c">eng</subfield></datafield><datafield tag="102" ind1=" " ind2=" "><subfield code="a">PT</subfield></datafield><datafield tag="200" ind1="1" ind2=" "><subfield code="a">&lt;O &gt;rosário</subfield><subfield code="f">Florence Barclay</subfield><subfield code="g">trad. de Maria Franco</subfield></datafield><datafield tag="210" ind1=" " ind2=" "><subfield code="a">Lisboa</subfield><subfield code="c">Minerva</subfield><subfield code="d">1964</subfield></datafield><datafield tag="215" ind1=" " ind2=" "><subfield code="a">317, [1] p.</subfield><subfield code="d">18 cm</subfield></datafield><datafield tag="225" ind1="2" ind2=" "><subfield code="a">Minerva</subfield><subfield code="i">Série Branca</subfield></datafield><datafield tag="304" ind1=" " ind2=" "><subfield code="a">Tít. orig. : The rosary</subfield></datafield><datafield tag="675" ind1=" " ind2=" "><subfield code="a">821</subfield><subfield code="v">BN</subfield><subfield code="z">por</subfield></datafield><datafield tag="700" ind1=" " ind2="1"><subfield code="a">Barclay</subfield><subfield code="b">Florence</subfield><subfield code="f">1862-1921</subfield></datafield><datafield tag="702" ind1=" " ind2="1"><subfield code="a">Franco</subfield><subfield code="b">Maria</subfield><subfield code="4">730</subfield></datafield><datafield tag="801" ind1=" " ind2="0"><subfield code="a">PT</subfield><subfield code="b">Biblioteca Municipal de Montalegre</subfield><subfield code="g">RPC</subfield></datafield><datafield tag="909" ind1="&#9;" ind2=" "><subfield code="a">1</subfield></datafield><datafield tag="966" ind1=" " ind2=" "><subfield code="a">0008157</subfield><subfield code="l">BMM</subfield><subfield code="s">SCG 821 BAR ros</subfield></datafield></record></collection>